<?xml version="1.0" encoding="UTF-8"?><collection xmlns="http://www.loc.gov/MARC21/slim"><record><leader>00424nam--2200157-i-4500</leader><controlfield tag="001">000016836</controlfield><controlfield tag="002">20161230</controlfield><controlfield tag="005">20170211152018</controlfield><controlfield tag="008">060222s1000------------r-----000-0-eng-d</controlfield><datafield ind1=" " ind2=" " tag="100"><subfield code="a">Cosnita, Cezar</subfield></datafield><datafield ind1=" " ind2=" " tag="245"><subfield code="a">Probleme de algebra. Editia a patra (revizuita si completata)</subfield></datafield><datafield ind1=" " ind2=" " tag="260"><subfield code="a">Bucuresti</subfield><subfield code="b">Editura Tehnica</subfield><subfield code="c">1989</subfield></datafield><datafield ind1=" " ind2=" " tag="300"><subfield code="a">576 p</subfield></datafield><datafield ind1=" " ind2=" " tag="700"><subfield code="a">Turtoiu, Fanica</subfield></datafield><datafield ind1=" " ind2=" " tag="852"><subfield code="a">512(076)</subfield></datafield><datafield ind1=" " ind2=" " tag="CAT"><subfield code="a">SYS</subfield><subfield code="c">20170211</subfield><subfield code="h">152018</subfield></datafield></record></collection>